@article{Miller17,
	Adsnote = {Provided by the SAO/NASA Astrophysics Data System},
	Adsurl = {http://adsabs.harvard.edu/abs/2017AJ....153...73M},
	Author = {{Miller}, A.~A. and {Kulkarni}, M.~K. and {Cao}, Y. and {Laher}, R.~R. and {Masci}, F.~J. and {Surace}, J.~A.},
	Date-Added = {2017-02-02 20:00:58 +0000},
	Date-Modified = {2017-02-02 20:00:58 +0000},
	Doi = {10.3847/1538-3881/153/2/73},
	Eid = {73},
	Journal = {\aj},
	Keywords = {catalogs, galaxies: statistics, methods: data analysis, methods: statistical, stars: statistics, surveys},
	Month = feb,
	Pages = {73},
	Title = {{Preparing for Advanced LIGO: A Star{\ndash}Galaxy Separation Catalog for the Palomar Transient Factory}},
	Volume = 153,
	Year = 2017,
	Bdsk-File-1 = {YnBsaXN0MDDUAQIDBAUGJCVYJHZlcnNpb25YJG9iamVjdHNZJGFyY2hpdmVyVCR0b3ASAAGGoKgHCBMUFRYaIVUkbnVsbNMJCgsMDxJXTlMua2V5c1pOUy5vYmplY3RzViRjbGFzc6INDoACgAOiEBGABIAFgAdccmVsYXRpdmVQYXRoWWFsaWFzRGF0YV8QFi4uL1BhcGVycy9NaWxsZXIxNy5wZGbSFwsYGVdOUy5kYXRhTxEBkAAAAAABkAACAAAMTWFjaW50b3NoIEhEAAAAAAAAAAAAAAAAAAAA0VLbfEgrAAAAH5vVDE1pbGxlcjE3LnBkZgAAAAAAAAAAAAAAAAAAAAAAAAAAAAAAAAAAAAAAAAAAAAAAAAAAAAAAAAAAAAAAAAAAAAD6OFfUuOwqAAAAAAAAAAAAAQACAAAJIAAAAAAAAAAAAAAAAAAAAAZQYXBlcnMAEAAIAADRUyHMAAAAEQAIAADUuUCKAAAAAQAQAB+b1QAJiqIACYqhAAKYNwACAEBNYWNpbnRvc2ggSEQ6VXNlcnM6AGFkYW1hbWlsbGVyOgBEb2N1bWVudHM6AFBhcGVyczoATWlsbGVyMTcucGRmAA4AGgAMAE0AaQBsAGwAZQByADEANwAuAHAAZABmAA8AGgAMAE0AYQBjAGkAbgB0AG8AcwBoACAASABEABIAL1VzZXJzL2FkYW1hbWlsbGVyL0RvY3VtZW50cy9QYXBlcnMvTWlsbGVyMTcucGRmAAATAAEvAAAVAAIAEv//AACABtIbHB0eWiRjbGFzc25hbWVYJGNsYXNzZXNdTlNNdXRhYmxlRGF0YaMdHyBWTlNEYXRhWE5TT2JqZWN00hscIiNcTlNEaWN0aW9uYXJ5oiIgXxAPTlNLZXllZEFyY2hpdmVy0SYnVHJvb3SAAQAIABEAGgAjAC0AMgA3AEAARgBNAFUAYABnAGoAbABuAHEAcwB1AHcAhACOAKcArAC0AkgCSgJPAloCYwJxAnUCfAKFAooClwKaAqwCrwK0AAAAAAAAAgEAAAAAAAAAKAAAAAAAAAAAAAAAAAAAArY=},
	Bdsk-Url-1 = {http://dx.doi.org/10.3847/1538-3881/153/2/73}}

@article{Astropy-Collaboration13,
	Adsnote = {Provided by the SAO/NASA Astrophysics Data System},
	Adsurl = {http://adsabs.harvard.edu/abs/2013A%26A...558A..33A},
	Archiveprefix = {arXiv},
	Author = {{Astropy Collaboration} and {Robitaille}, T.~P. and {Tollerud}, E.~J. and {Greenfield}, P. and {Droettboom}, M. and {Bray}, E. and {Aldcroft}, T. and {Davis}, M. and {Ginsburg}, A. and {Price-Whelan}, A.~M. and {Kerzendorf}, W.~E. and {Conley}, A. and {Crighton}, N. and {Barbary}, K. and {Muna}, D. and {Ferguson}, H. and {Grollier}, F. and {Parikh}, M.~M. and {Nair}, P.~H. and {Unther}, H.~M. and {Deil}, C. and {Woillez}, J. and {Conseil}, S. and {Kramer}, R. and {Turner}, J.~E.~H. and {Singer}, L. and {Fox}, R. and {Weaver}, B.~A. and {Zabalza}, V. and {Edwards}, Z.~I. and {Azalee Bostroem}, K. and {Burke}, D.~J. and {Casey}, A.~R. and {Crawford}, S.~M. and {Dencheva}, N. and {Ely}, J. and {Jenness}, T. and {Labrie}, K. and {Lim}, P.~L. and {Pierfederici}, F. and {Pontzen}, A. and {Ptak}, A. and {Refsdal}, B. and {Servillat}, M. and {Streicher}, O.},
	Date-Added = {2018-02-05 21:13:01 +0000},
	Date-Modified = {2018-02-05 21:13:02 +0000},
	Doi = {10.1051/0004-6361/201322068},
	Eid = {A33},
	Eprint = {1307.6212},
	Journal = {\aap},
	Keywords = {methods: data analysis, methods: miscellaneous, virtual observatory tools},
	Month = oct,
	Pages = {A33},
	Primaryclass = {astro-ph.IM},
	Title = {{Astropy: A community Python package for astronomy}},
	Volume = 558,
	Year = 2013,
	Bdsk-Url-1 = {http://dx.doi.org/10.1051/0004-6361/201322068}}
